@Article{mor_1973_asi,
	author    = {Mori, T. and Tanaka, K.},
	journal   = {Acta Metallurgica},
	title     = {Average stress in matrix and average elastic energy of materials with misfitting inclusions},
	year      = {1973},
	number    = {5},
	pages     = {571--574},
	volume    = {21},
	doi       = {10.1016/0001-6160(73)90064-3},
	file      = {:Paper/Homogenization/Mori_Tanaka-average_stress_in_matrix_and_average_elastic_energy_of_materials_with_misfitting_inclusions-1973.pdf:PDF},
	groups    = {Homogenization},
	publisher = {Elsevier {BV}},
}

@Article{nee_2012_ammf,
	author     = {Ne\v{z}erka, V\'aclav and Zeman, Jan},
	journal    = {Acta Polytechnica},
	title      = {A Micromechanics-Based Model for Stiffness and Strength Estimation of Cocciopesto Mortars},
	year       = {2012},
	issn       = {1805-2363, 1210-2709},
	month      = jan,
	number     = {6},
	pages      = {28--37},
	volume     = {52},
	doi        = {10.14311/1672},
	file       = {:Paper/Homogenization/Neerka_Zeman-a_micromechanicsbased_model_for_stiffness_and_strength_estimation_of_cocciopesto_mortars-2012.pdf:PDF},
	groups     = {Homogenization},
	priority   = {prio2},
	publisher  = {Czech Technical University in Prague - Central Library},
	readstatus = {read},
	source     = {Crossref},
	url        = {https://doi.org/10.14311/1672},
}

@Article{nev_2018_mcam,
	author     = {Ne\v{z}erka, V. and Hrbek, V. and Pro\v{s}ek, Z. and Somr, M. and Tes\'arek, P. and Fl\'adr, J.},
	journal    = {J. Clean. Prod.},
	title      = {Micromechanical characterization and modeling of cement pastes containing waste marble powder},
	year       = {2018},
	issn       = {0959-6526},
	month      = sep,
	pages      = {1081--1090},
	volume     = {195},
	doi        = {10.1016/j.jclepro.2018.05.284},
	file       = {:Paper/Homogenization/Nevzerka_Hrbek_Provsek_Somr_Tesarek_Fladr-micromechanical_characterization_and_modeling_of_cement_pastes_containing_waste_marble_powder-2018.pdf:PDF},
	groups     = {Homogenization},
	priority   = {prio2},
	publisher  = {Elsevier BV},
	readstatus = {read},
	source     = {Crossref},
	url        = {https://doi.org/10.1016/j.jclepro.2018.05.284},
}

@Article{str_2011_mbeo,
	author    = {Str\'ansk\'y, Jan and Vorel, Jan and Zeman, Jan and \v{S}ejnoha, Michal},
	journal   = {Micromachines},
	title     = {Mori-Tanaka Based Estimates of Effective Thermal Conductivity of Various Engineering Materials},
	year      = {2011},
	issn      = {2072-666X},
	month     = apr,
	number    = {2},
	pages     = {129--149},
	volume    = {2},
	doi       = {10.3390/mi2020129},
	file      = {:Paper/Homogenization/Stransky_Vorel_Zeman_vsejnoha-moritanaka_based_estimates_of_effective_thermal_conductivity_of_various_engineering_materials-2011.pdf:PDF},
	groups    = {Homogenization},
	priority  = {prio2},
	publisher = {MDPI AG},
	source    = {Crossref},
	url       = {https://doi.org/10.3390/mi2020129},
}

@Article{her_1993_nlib,
	author     = {Herve, Eveline and Zaoui, Andre},
	journal    = {Int. J. Engng Sci.},
	title      = {N-layered inclusion-based micromechanical modelling},
	year       = {1993},
	pages      = {1--10},
	volume     = {31},
	file       = {:Paper/Homogenization/Herve_Zaoui-n_layered_inclusion_based_micromachanical_modelling-1993.pdf:PDF},
	groups     = {Homogenization},
	readstatus = {read},
}

@Article{pic_2011_uqso,
	author    = {Pichler, Bernhard and Hellmich, Christian},
	journal   = {Cement Concrete Res.},
	title     = {Upscaling quasi-brittle strength of cement paste and mortar: {A} multi-scale engineering mechanics model},
	year      = {2011},
	issn      = {0008-8846},
	month     = may,
	number    = {5},
	pages     = {467--476},
	volume    = {41},
	doi       = {10.1016/j.cemconres.2011.01.010},
	file      = {:Paper/Homogenization/Pichler_Hellmich-upscaling_quasibrittle_strength_of_cement_paste_and_mortar_a_multiscale_engineering_mechanics_model-2011.pdf:PDF},
	groups    = {Homogenization},
	priority  = {prio2},
	publisher = {Elsevier BV},
	source    = {Crossref},
	url       = {https://doi.org/10.1016/j.cemconres.2011.01.010},
}
